<marc:record xmlns:marc="http://www.loc.gov/MARC21/slim" xmlns:xsi="http://www.w3.org/2001/XMLSchema-instance" xsi:schemaLocation="http://www.loc.gov/MARC21/slim http://www.loc.gov/standards/marcxml/schema/MARC21slim.xsd">
  <marc:leader>     nam a22003611a 4500</marc:leader>
  <marc:controlfield tag="001">001686028</marc:controlfield>
  <marc:controlfield tag="003">NNU</marc:controlfield>
  <marc:controlfield tag="005">20061010173316.0</marc:controlfield>
  <marc:controlfield tag="008">000120m19629999iq c          001 0 araxd</marc:controlfield>
  <marc:datafield tag="010" ind1=" " ind2=" ">
    <marc:subfield code="a">ne 64002001</marc:subfield>
  </marc:datafield>
  <marc:datafield tag="035" ind1="9" ind2=" ">
    <marc:subfield code="a">NYUb12229470</marc:subfield>
  </marc:datafield>
  <marc:datafield tag="035" ind1=" " ind2=" ">
    <marc:subfield code="a">(NNU)NYUb12229470</marc:subfield>
  </marc:datafield>
  <marc:datafield tag="040" ind1=" " ind2=" ">
    <marc:subfield code="c">NN</marc:subfield>
    <marc:subfield code="d">NN</marc:subfield>
    <marc:subfield code="d">CtY</marc:subfield>
  </marc:datafield>
  <marc:datafield tag="043" ind1=" " ind2=" ">
    <marc:subfield code="a">a-iq</marc:subfield>
  </marc:datafield>
  <marc:datafield tag="050" ind1="0" ind2=" ">
    <marc:subfield code="a">PJ8037</marc:subfield>
    <marc:subfield code="b">K5</marc:subfield>
  </marc:datafield>
  <marc:datafield tag="066" ind1=" " ind2=" ">
    <marc:subfield code="c">(3</marc:subfield>
  </marc:datafield>
  <marc:datafield tag="090" ind1=" " ind2=" ">
    <marc:subfield code="a">PJ8037</marc:subfield>
    <marc:subfield code="b">.K5</marc:subfield>
  </marc:datafield>
  <marc:datafield tag="100" ind1="1" ind2=" ">
    <marc:subfield code="a">Khāqānī, ʻAlī</marc:subfield>
    <marc:subfield code="6">01</marc:subfield>
  </marc:datafield>
  <marc:datafield tag="100" ind1="1" ind2=" ">
    <marc:subfield code="6">01</marc:subfield>
    <marc:subfield code="a">خاقاني، علي.</marc:subfield>
  </marc:datafield>
  <marc:datafield tag="245" ind1="1" ind2="0">
    <marc:subfield code="6">02</marc:subfield>
    <marc:subfield code="a">Shuʻarāʼ Baghdād min taʼsīsihā ḥattá al-yawm /</marc:subfield>
    <marc:subfield code="c">bi-qalam ʻAlī al-Khāqānī.</marc:subfield>
  </marc:datafield>
  <marc:datafield tag="245" ind1="1" ind2="0">
    <marc:subfield code="6">02</marc:subfield>
    <marc:subfield code="a">شعراء بغداد من تأسيسها حتى اليوم /</marc:subfield>
    <marc:subfield code="c">بقلم علي الخاقاني.</marc:subfield>
  </marc:datafield>
  <marc:datafield tag="246" ind1="1" ind2="5">
    <marc:subfield code="a">Poets of Baghdad from its foundation until today</marc:subfield>
  </marc:datafield>
  <marc:datafield tag="260" ind1=" " ind2=" ">
    <marc:subfield code="6">03</marc:subfield>
    <marc:subfield code="a">Baghdād :</marc:subfield>
    <marc:subfield code="b">Maṭbaʻat Asʻad,</marc:subfield>
    <marc:subfield code="c">1962-</marc:subfield>
  </marc:datafield>
  <marc:datafield tag="260" ind1=" " ind2=" ">
    <marc:subfield code="6">03</marc:subfield>
    <marc:subfield code="a">بغداد :</marc:subfield>
    <marc:subfield code="b">مطبعة أسعد،</marc:subfield>
    <marc:subfield code="c">1962-</marc:subfield>
  </marc:datafield>
  <marc:datafield tag="300" ind1=" " ind2=" ">
    <marc:subfield code="a">v. :</marc:subfield>
    <marc:subfield code="b">port. ;</marc:subfield>
    <marc:subfield code="c">24 cm.</marc:subfield>
  </marc:datafield>
  <marc:datafield tag="490" ind1="1" ind2=" ">
    <marc:subfield code="6">04</marc:subfield>
    <marc:subfield code="a">Manshūrāt Dār al-Bayān ;</marc:subfield>
    <marc:subfield code="v">31</marc:subfield>
  </marc:datafield>
  <marc:datafield tag="490" ind1="1" ind2=" ">
    <marc:subfield code="6">04</marc:subfield>
    <marc:subfield code="a">منشورات دار البيان ؛</marc:subfield>
    <marc:subfield code="v">31</marc:subfield>
  </marc:datafield>
  <marc:datafield tag="500" ind1=" " ind2=" ">
    <marc:subfield code="a">Title on added t.p.: Shuʻarāʼ Baghdād (Poets of Baghdad) from its foundation until today, by Ali Khaqani.</marc:subfield>
  </marc:datafield>
  <marc:datafield tag="500" ind1=" " ind2=" ">
    <marc:subfield code="a">Includes indexes.</marc:subfield>
  </marc:datafield>
  <marc:datafield tag="546" ind1=" " ind2=" ">
    <marc:subfield code="a">Added cover title in English.</marc:subfield>
  </marc:datafield>
  <marc:datafield tag="650" ind1=" " ind2="0">
    <marc:subfield code="a">Arabic poetry</marc:subfield>
    <marc:subfield code="z">Iraq</marc:subfield>
    <marc:subfield code="z">Baghdad</marc:subfield>
    <marc:subfield code="x">History and criticism.</marc:subfield>
  </marc:datafield>
  <marc:datafield tag="830" ind1=" " ind2="0">
    <marc:subfield code="a">Manshūrāt Dār al-Bayān</marc:subfield>
    <marc:subfield code="6">05</marc:subfield>
    <marc:subfield code="v">31.</marc:subfield>
  </marc:datafield>
  <marc:datafield tag="830" ind1=" " ind2="0">
    <marc:subfield code="6">05</marc:subfield>
    <marc:subfield code="a">منشورات دار البيان ؛</marc:subfield>
    <marc:subfield code="v">31</marc:subfield>
  </marc:datafield>
  <marc:datafield tag="998" ind1=" " ind2=" ">
    <marc:subfield code="a">20010429</marc:subfield>
    <marc:subfield code="d">20010429</marc:subfield>
    <marc:subfield code="d">20010429</marc:subfield>
    <marc:subfield code="n">NNU</marc:subfield>
    <marc:subfield code="s">6</marc:subfield>
    <marc:subfield code="t">c</marc:subfield>
    <marc:subfield code="z">e</marc:subfield>
  </marc:datafield>
</marc:record>
